@misc{skipper,
    author = "Drew Horton and Tom Logan and Daphne Skipper and Emily Speakman",
    title = "How Considering Equity in Optimization Impacts Urban Planning",
    year = "2022",
    howpublished = "JMM 2022 AWM Workshop: Poster Presentations by Women Graduate Students"
}

@online{pfb,
    author = "PeopleForBikes",
    title = "Bicycle Network Analysis: Lexington, KY, US",
    url  = "https://bna.peopleforbikes.org/#/places/f12b7872-ac3a-47e8-9c24-f06774b0e2a0/",
    addendum = "(accessed: 01.19.2024)"
}

@article{mti,
    author = "Maaza C. Mekuria and 
    Peter G. Furth and  
    Hilary Nixon",
    title = "Low-Stress Bicycling and Network Connectivity",
    journal = "Mineta Transportation Institute",
    year = "2012"
}
